<collection xmlns='http://www.loc.gov/MARC21/slim' xmlns:xsi='http://www.w3.org/2001/XMLSchema-instance' xsi:schemaLocation='http://www.loc.gov/standards/marcxml/schema/MARC21slim.xsd'>
  <record xmlns="http://www.loc.gov/MARC21/slim">
    <leader>00000ctm a2200000Ia 4500</leader>
    <controlfield tag="001">on1101189488</controlfield>
    <controlfield tag="008">190515s1583    ir ap         000 0 per d</controlfield>
    <datafield tag="040" ind1=" " ind2=" ">
      <subfield code="a">PLF</subfield>
      <subfield code="b">eng</subfield>
      <subfield code="e">amremm</subfield>
      <subfield code="c">PLF</subfield>
      <subfield code="d">OCLCF</subfield>
    </datafield>
    <datafield tag="035" ind1=" " ind2=" ">
      <subfield code="a">(PLF)2455301</subfield>
    </datafield>
    <datafield tag="099" ind1=" " ind2=" ">
      <subfield code="a">Lewis O 43</subfield>
    </datafield>
    <datafield tag="049" ind1=" " ind2=" ">
      <subfield code="a">PLFF</subfield>
    </datafield>
    <datafield tag="100" ind1="0" ind2=" ">
      <subfield code="6">880-01</subfield>
      <subfield code="a">Hātifī,</subfield>
      <subfield code="d">-1520 or 1521.</subfield>
    </datafield>
    <datafield tag="245" ind1="1" ind2="0">
      <subfield code="6">880-02</subfield>
      <subfield code="a">[Tīmūrnāmah].</subfield>
    </datafield>
    <datafield tag="260" ind1=" " ind2=" ">
      <subfield code="a">[Iran?],</subfield>
      <subfield code="c">991 AH (1583).</subfield>
    </datafield>
    <datafield tag="300" ind1=" " ind2=" ">
      <subfield code="a">190 leaves :</subfield>
      <subfield code="b">paper, illustrations, illuminations ;</subfield>
      <subfield code="c">235 x 153 (143 x 67) mm bound to 240 x 158 mm.</subfield>
    </datafield>
    <datafield tag="500" ind1=" " ind2=" ">
      <subfield code="a">Ms. codex.</subfield>
    </datafield>
    <datafield tag="520" ind1=" " ind2=" ">
      <subfield code="a">History of Tamerlane in verse, also called Ẓafarnāmah; five illustrations.</subfield>
    </datafield>
    <datafield tag="546" ind1=" " ind2=" ">
      <subfield code="a">Persian.</subfield>
    </datafield>
    <datafield tag="500" ind1=" " ind2=" ">
      <subfield code="a">Title supplied by cataloger.</subfield>
    </datafield>
    <datafield tag="510" ind1="4" ind2=" ">
      <subfield code="a">Simsar, Muhammed Ahmed. Oriental manuscripts of the John Frederick Lewis Collection,</subfield>
      <subfield code="c">43.</subfield>
    </datafield>
    <datafield tag="500" ind1=" " ind2=" ">
      <subfield code="a">Foliation: Modern foliation added in pencil, upper left recto; catchwords every verso, lower left.</subfield>
    </datafield>
    <datafield tag="500" ind1=" " ind2=" ">
      <subfield code="a">Layout: 12 lines in two columns; border-ruled.</subfield>
    </datafield>
    <datafield tag="500" ind1=" " ind2=" ">
      <subfield code="a">Script: Written in nastaʻlīq in black ink; pointed.</subfield>
    </datafield>
    <datafield tag="500" ind1=" " ind2=" ">
      <subfield code="a">Decoration: Illuminated headpiece in gold, blue and orange (f. 1v); five illustrations (f. 28r, 58r, 72v, 132v, 140v); textblock border-ruled in red, blue, gold, blue; rubrications in red.</subfield>
    </datafield>
    <datafield tag="500" ind1=" " ind2=" ">
      <subfield code="a">Binding: Later rebinding in red leather over pasteboard; covers blind-stamped with central square stamp with floral motifs and frame with matching cornerpieces. Spine and cover edges are black textile with gilt-stamped frame; inside covers are painted black.</subfield>
    </datafield>
    <datafield tag="500" ind1=" " ind2=" ">
      <subfield code="a">Origin: The copy was completed in Ramaḍān, 991 A.H. (1583) by Muḥammad ibn Mullā Mīr al-Ḥusaynī (f. 190r).</subfield>
    </datafield>
    <datafield tag="500" ind1=" " ind2=" ">
      <subfield code="a">Two stamps, one oval, one square with two different names dated 1210? (f. 171r, 172r).</subfield>
    </datafield>
    <datafield tag="561" ind1="1" ind2=" ">
      <subfield code="a">Formerly owned by Muḥammad Ḥusayn ibn Jaʻfar al-Qulī, Governor of Maḥālāt and the districts of Marand, dated 24 Jumādah al-Thānī 1255 (note and stamps, f. 190v).</subfield>
    </datafield>
    <datafield tag="561" ind1="1" ind2=" ">
      <subfield code="a">Formerly owned by John Frederick Lewis.</subfield>
    </datafield>
    <datafield tag="600" ind1="0" ind2="0">
      <subfield code="a">Timur,</subfield>
      <subfield code="d">1336-1405</subfield>
      <subfield code="v">Poetry</subfield>
      <subfield code="v">Early works to 1800.</subfield>
    </datafield>
    <datafield tag="650" ind1=" " ind2="0">
      <subfield code="a">Manuscripts, Persian</subfield>
      <subfield code="y">16th century.</subfield>
    </datafield>
    <datafield tag="650" ind1=" " ind2="0">
      <subfield code="a">Manuscripts, Oriental</subfield>
      <subfield code="y">16th century.</subfield>
    </datafield>
    <datafield tag="600" ind1="0" ind2="7">
      <subfield code="a">Timur,</subfield>
      <subfield code="d">1336-1405.</subfield>
      <subfield code="2">fast</subfield>
      <subfield code="0">(OCoLC)fst00004660</subfield>
    </datafield>
    <datafield tag="650" ind1=" " ind2="7">
      <subfield code="a">Manuscripts, Oriental.</subfield>
      <subfield code="2">fast</subfield>
      <subfield code="0">(OCoLC)fst01008453</subfield>
    </datafield>
    <datafield tag="650" ind1=" " ind2="7">
      <subfield code="a">Manuscripts, Persian.</subfield>
      <subfield code="2">fast</subfield>
      <subfield code="0">(OCoLC)fst01008462</subfield>
    </datafield>
    <datafield tag="648" ind1=" " ind2="7">
      <subfield code="a">1500-1599</subfield>
      <subfield code="2">fast</subfield>
    </datafield>
    <datafield tag="655" ind1=" " ind2="7">
      <subfield code="a">Codices (bound manuscripts)</subfield>
      <subfield code="2">aat</subfield>
    </datafield>
    <datafield tag="655" ind1=" " ind2="7">
      <subfield code="a">Illuminations (painting)</subfield>
      <subfield code="2">aat</subfield>
    </datafield>
    <datafield tag="655" ind1=" " ind2="7">
      <subfield code="a">Miniatures (paintings)</subfield>
      <subfield code="2">aat</subfield>
    </datafield>
    <datafield tag="655" ind1=" " ind2="7">
      <subfield code="a">Manuscripts (documents)</subfield>
      <subfield code="2">aat</subfield>
    </datafield>
    <datafield tag="655" ind1=" " ind2="7">
      <subfield code="a">Early works.</subfield>
      <subfield code="2">fast</subfield>
      <subfield code="0">(OCoLC)fst01411636</subfield>
    </datafield>
    <datafield tag="655" ind1=" " ind2="7">
      <subfield code="a">Poetry.</subfield>
      <subfield code="2">fast</subfield>
      <subfield code="0">(OCoLC)fst01423828</subfield>
    </datafield>
    <datafield tag="655" ind1=" " ind2="7">
      <subfield code="a">Stamps (Provenance)</subfield>
      <subfield code="2">rbprov</subfield>
    </datafield>
    <datafield tag="700" ind1="0" ind2=" ">
      <subfield code="6">880-03</subfield>
      <subfield code="a">Muḥammad ibn Mullā Mīr al-Ḥusaynī,</subfield>
      <subfield code="d">active 1583,</subfield>
      <subfield code="e">scribe.</subfield>
    </datafield>
    <datafield tag="700" ind1="1" ind2=" ">
      <subfield code="6">880-04</subfield>
      <subfield code="a">Qulī, Muḥammad Ḥusayn ibn Jaʻfar,</subfield>
      <subfield code="d">active 1839,</subfield>
      <subfield code="e">former owner.</subfield>
    </datafield>
    <datafield tag="700" ind1="1" ind2=" ">
      <subfield code="a">Lewis, John Frederick,</subfield>
      <subfield code="d">1860-1932,</subfield>
      <subfield code="e">former owner.</subfield>
    </datafield>
    <datafield tag="700" ind1="1" ind2=" ">
      <subfield code="a">Lewis, Anne Baker,</subfield>
      <subfield code="d">1868-1937,</subfield>
      <subfield code="e">donor.</subfield>
    </datafield>
    <datafield tag="710" ind1="2" ind2=" ">
      <subfield code="a">Free Library of Philadelphia.</subfield>
      <subfield code="b">Rare Book Department.</subfield>
      <subfield code="b">John Frederick Lewis Collection of Oriental Manuscripts.</subfield>
    </datafield>
    <datafield tag="740" ind1="0" ind2="2">
      <subfield code="6">880-05</subfield>
      <subfield code="a">Ẓafarnāmah.</subfield>
    </datafield>
    <datafield tag="852" ind1=" " ind2=" ">
      <subfield code="b">Rare Book Department</subfield>
      <subfield code="a">Free Library of Philadelphia</subfield>
      <subfield code="e">Philadelphia</subfield>
      <subfield code="u">https://know.freelibrary.org/Record/2455301</subfield>
    </datafield>
    <datafield tag="955" ind1=" " ind2=" ">
      <subfield code="a">Gift of Anne Baker Lewis in 1933.</subfield>
    </datafield>
    <datafield tag="880" ind1="0" ind2=" ">
      <subfield code="6">100-01/(3/r</subfield>
      <subfield code="a">هاتفى،</subfield>
      <subfield code="d">1520 يا 1521.</subfield>
    </datafield>
    <datafield tag="880" ind1="1" ind2="0">
      <subfield code="6">245-02/(3/r</subfield>
      <subfield code="a">[تيمورنامه].</subfield>
    </datafield>
    <datafield tag="880" ind1="0" ind2=" ">
      <subfield code="6">700-03/(3/r</subfield>
      <subfield code="a">محمد بن ملا مير الحسينى،</subfield>
      <subfield code="d">active 1583.</subfield>
    </datafield>
    <datafield tag="880" ind1="1" ind2=" ">
      <subfield code="6">700-04/(3/r</subfield>
      <subfield code="a">قلى، محمد حسين بن جعفر،</subfield>
      <subfield code="d">active 1839.</subfield>
    </datafield>
    <datafield tag="880" ind1="0" ind2="2">
      <subfield code="6">740-05/(3/r</subfield>
      <subfield code="a">ظفرنامه.</subfield>
    </datafield>
    <datafield tag="066" ind1=" " ind2=" ">
      <subfield code="c">(3</subfield>
    </datafield>
  </record></collection>